<?xml version="1.0" encoding="UTF-8"?><record xmlns="http://www.loc.gov/MARC21/slim" xmlns:cinclude="http://apache.org/cocoon/include/1.0" xmlns:zs="http://www.loc.gov/zing/srw/">
  <leader>01342cz  a2200253n  4500</leader>
  <controlfield tag="001">no2013042467</controlfield>
  <controlfield tag="003">DLC</controlfield>
  <controlfield tag="005">20130611051016.0</controlfield>
  <controlfield tag="008">130419n| azannaabn          |n aaa     c</controlfield>
  <datafield tag="010" ind1=" " ind2=" ">
    <subfield code="a">no2013042467</subfield>
    <subfield code="z">no2012160927</subfield>
  </datafield>
  <datafield tag="035" ind1=" " ind2=" ">
    <subfield code="a">(OCoLC)oca09453920</subfield>
  </datafield>
  <datafield tag="035" ind1=" " ind2=" ">
    <subfield code="a">(Uk)008732977</subfield>
  </datafield>
  <datafield tag="040" ind1=" " ind2=" ">
    <subfield code="a">UkOxU</subfield>
    <subfield code="b">eng</subfield>
    <subfield code="e">rda</subfield>
    <subfield code="c">UkOxU</subfield>
    <subfield code="d">DLC</subfield>
    <subfield code="d">IEN</subfield>
    <subfield code="d">Uk</subfield>
  </datafield>
  <datafield tag="046" ind1=" " ind2=" ">
    <subfield code="s">20</subfield>
  </datafield>
  <datafield tag="100" ind1="1" ind2=" ">
    <subfield code="a">Harrisson, Juliette</subfield>
  </datafield>
  <datafield tag="370" ind1=" " ind2=" ">
    <subfield code="c">Great Britain</subfield>
  </datafield>
  <datafield tag="372" ind1=" " ind2=" ">
    <subfield code="a">Mythology</subfield>
    <subfield code="a">Civilization, Classical</subfield>
    <subfield code="a">Popular culture</subfield>
    <subfield code="2">lcsh</subfield>
  </datafield>
  <datafield tag="373" ind1=" " ind2=" ">
    <subfield code="a">University of Birmingham</subfield>
    <subfield code="a">University of Liverpool</subfield>
    <subfield code="a">Newman College (Birmingham, England)</subfield>
    <subfield code="a">Open University</subfield>
    <subfield code="2">naf</subfield>
  </datafield>
  <datafield tag="374" ind1=" " ind2=" ">
    <subfield code="a">College teachers</subfield>
    <subfield code="2">lcsh</subfield>
  </datafield>
  <datafield tag="375" ind1=" " ind2=" ">
    <subfield code="a">female</subfield>
  </datafield>
  <datafield tag="377" ind1=" " ind2=" ">
    <subfield code="a">eng</subfield>
  </datafield>
  <datafield tag="378" ind1=" " ind2=" ">
    <subfield code="q">Juliette Grace</subfield>
  </datafield>
  <datafield tag="670" ind1=" " ind2=" ">
    <subfield code="a">Memory and urban religion in the ancient world, 2012:</subfield>
    <subfield code="b">title page (Juliette Harrisson) p.ix (visiting lecturer at the universities of Birmingham and Liverpool, Newman College and the Open University ; specializing in myth, religion and memory in the Roman world ; her research has also led her to explore the reception of the ancient world in modern popular culture ; she has published on cultural memory and identity and on the reception of Greek mythology ; her monograph Dreams and dreaming in the Roman Empire will be published in 2013)</subfield>
  </datafield>
  <datafield tag="670" ind1=" " ind2=" ">
    <subfield code="a">BL database, 10 June 2013</subfield>
    <subfield code="b">(hdg.: Harrisson, Juliette Grace)</subfield>
  </datafield>
</record>